<?xml version="1.0" encoding="UTF-8"?><record xmlns="http://www.loc.gov/MARC21/slim" xmlns:cinclude="http://apache.org/cocoon/include/1.0" xmlns:zs="http://www.loc.gov/zing/srw/">
  <leader>00645cz  a2200181n  4500</leader>
  <controlfield tag="001">no 98108291 </controlfield>
  <controlfield tag="003">DLC</controlfield>
  <controlfield tag="005">20050310033155.0</controlfield>
  <controlfield tag="008">980915n| acaabaaa|          |n ana     c</controlfield>
  <datafield tag="010" ind1=" " ind2=" ">
    <subfield code="a">no 98108291 </subfield>
  </datafield>
  <datafield tag="035" ind1=" " ind2=" ">
    <subfield code="a">(OCoLC)oca04814802</subfield>
  </datafield>
  <datafield tag="040" ind1=" " ind2=" ">
    <subfield code="a">NNC</subfield>
    <subfield code="b">eng</subfield>
    <subfield code="c">NNC</subfield>
    <subfield code="d">CSt</subfield>
  </datafield>
  <datafield tag="130" ind1=" " ind2="0">
    <subfield code="a">Istorii︠a︡ lezgin</subfield>
  </datafield>
  <datafield tag="643" ind1=" " ind2=" ">
    <subfield code="a">Moskva</subfield>
    <subfield code="b">Logos</subfield>
    <subfield code="d">some issues</subfield>
  </datafield>
  <datafield tag="643" ind1=" " ind2=" ">
    <subfield code="a">Moskva</subfield>
    <subfield code="b">Olimpii︠a︡</subfield>
    <subfield code="d">some issues</subfield>
  </datafield>
  <datafield tag="645" ind1=" " ind2=" ">
    <subfield code="a">t</subfield>
    <subfield code="5">DPCC</subfield>
    <subfield code="5">DLC</subfield>
  </datafield>
  <datafield tag="670" ind1=" " ind2=" ">
    <subfield code="a">Drevni︠a︡i︠a︡ istorii︠a︡ lezgin i antichnye pisʹmennye istochniki, 1996:</subfield>
    <subfield code="b">ser. t.p. (Istorii︠a︡ lezgin)</subfield>
  </datafield>
  <datafield tag="670" ind1=" " ind2=" ">
    <subfield code="a">Federalizm--vnutrennee kredo demokratii, 2001:</subfield>
    <subfield code="b">ser. t.p. (Istorii︠a︡ lezgin)</subfield>
  </datafield>
</record>